@article{WSJref,
	Author = {Y. Koh},
	Journal = {Wall Street Journal},
	Month = {December},
	Title = {New Education Bill to Get More Coding in Classrooms},
	Url = {http://blogs.wsj.com/digits/2015/12/10/new-education-bill-to-get-more-coding-in-classrooms/},
	Year = {2015}
}

@article{APcomp,
	Journal = {Advances in AP},
	Author = {College Board},
	Title = {AP Computer Science Principles Curriculum Framework},
	Url = {https://advancesinap.collegeboard.org/stem/computer-science-principles/course-details},
	Month = {December},
	Year = {2015}
}

@article{csta,
	Author = {Computer Science Teachers Association (CSTA)},
	Title = {K-12 Computer Science Standards},
	Url = {http://www.csta.acm.org/Curriculum/sub/CurrFiles/CSTA_K-12_CSS.pdf},
	Year = {2011}
}


@article{edsurgetab,
	Author = {K. Bell},
	Journal = {edSurge},
	Title = {A Beginner’s Guide to Bringing Coding Into the Classroom},
	Url = {https://www.edsurge.com/news/2015-11-30-a-beginner-s-guide-to-bringing-coding-into-the-classroom},
	Month = {November},
	Year = {2015}
}

@article{chicagoCS,
	Url = {http://www.cityofchicago.org/city/en/depts/mayor/press_room/press_releases/2014/dec/mayor-emanuel-announces-major-gains-in-computer-science-4-all-pr.html},
	Title = {Mayor Emanuel Announces Major Gains in Computer Science 4 All Program},
	Author = {Mayor's Press Office},
	Month = {December},
	Year = {2014},
	Journal = {City of Chicago}
}

@article{backtoschool,
 ISSN = {00317217},
 URL = {http://www.jstor.org/stable/23617761},
 author = {Yasmin B. Kafai, Quinn Burke},
 journal = {The Phi Delta Kappan},
 number = {1},
 pages = {61-65},
 publisher = {Phi Delta Kappa International},
 title = {Computer programming goes back to school},
 volume = {95},
 year = {2013}
}

@article{secoutcomes,
title = "Determining the effects of computer science education at the secondary level on \{STEM\} major choices in postsecondary institutions in the United States ",
journal = "Computers & Education ",
volume = "88",
number = "",
pages = "241 - 255",
year = "2015",
note = "",
issn = "0360-1315",
doi = "http://dx.doi.org/10.1016/j.compedu.2015.04.019",
url = "http://www.sciencedirect.com/science/article/pii/S0360131515001219",
author = "Ahlam Lee",
keywords = "Computer science course",
keywords = "STEM major choice",
keywords = "Postsecondary institutions "
}

@article{codefound,
	title = {},
	url = {https://code.org/files/Making_CS_Fundamental.pdf}
}

@article{laborstats,
	Url={http://www.bls.gov/emp/tables.htm},
	Title = {Employment Projections},
	year = {2014},
	Journal ={Bureau of Labor Statistics}
}

@article{forbeshigh,
	Url={http://www.forbes.com/pictures/mkl45kkeg/1-carnegie-mellon-school-of-computer-science/},
	Journal={Forbes},
	Title={25 College Diplomas with the Highest Pay},
	Month = {April},
	Year = {2013},
	Author = {S. Adams}
}

@article{codeorgstats,
	title={Summary of source data for Code.org infographics and stats},
	Url={https://docs.google.com/document/d/1gySkItxiJn_vwb8HIIKNXqen184mRtzDX12cux0ZgZk/pub},
	year={2015},
	Author={Code.org}
}

@article{gallup,
	Title={Searching for Computer Science: Access and Barriers in U.S. K-12 Education},
	Year={2014},
	Url={http://csedu.gallup.com/},
	Author={Gallup}
}

@article{apfive,
	Url={http://research.collegeboard.org/sites/default/files/publications/2012/7/researchreport-2007-4-ap-students-college-analysis-five-year-academic-careers.pdf},
	Title={AP® Students in College: An Analysis of Five-Year Academic Careers},
	Author={College Board},
	Year={2007}
}

@article{ngss,
	Url={http://www.nextgenscience.org/search-standards-dci?field_idea_tid%5B%5D=113},
	Title={Engineering Design Standards},
	Year={2015},
	Author={Next Generation Science Standards}
}

@article{huffpo,
	Url={http://www.huffingtonpost.com/kiki-prottsman/coding-vs-programming-bat_b_7042816.html},
	Title={Coding vs. Programming -- Battle of the Terms!},
	Author={K. Prottsman},
	Journal={Huffington Post},
	Year={2015},
	Month={April}
}

@article{googed,
	Url={https://www.google.com/edu/resources/programs/exploring-computational-thinking/},
	Title={Exploring Computational Thinking},
	Author={Google for Education}
}

@article{wit,
Url={https://www.ncwit.org/resources/moving-beyond-computer-literacy-why-schools-should-teach-computer-science/moving-beyond},
Title={Moving Beyond Computer Literacy: Why Schools Should Teach Computer Science},
Journal={National Center for Women and Information Technology}
}

@artile{codeorgs,
	Url={https://code.org/educate/3rdparty},
	Title="3rd Party Educator Resources",
	Author="Code.org"
}

@article{cmct,
	Url={http://www.cs.cmu.edu/~CompThink/},
	Title={What is computational thinking?},
	Author={Carnegie Mellon Center for Computational Thinking}
}